%% This BibTeX bibliography file was created using BibDesk.
%% http://bibdesk.sourceforge.net/


%% Created for RodrigoS at 2014-07-23 09:22:32 -0300 


%% Saved with string encoding Unicode (UTF-8) 



@article{art-solimaes03,
	Date-Added = {2014-07-23 12:22:31 +0000},
	Date-Modified = {2014-07-23 12:22:31 +0000},
	Journal = {IEEE Transactions on Education},
	Month = feb,
	Number = {1},
	Pages = {37-42},
	Title = {A Virtual Laboratory for Autonomous Airplanes Experiments},
	Volume = {46},
	Year = 2003}

@url{Bernardete,
	Author = {Maria Bernardete Alves and Susana M. de Arruda},
	Date-Added = {2014-07-23 11:27:11 +0000},
	Date-Modified = {2014-07-23 12:20:52 +0000},
	Lastchecked = {23},
	Month = {Jul},
	Title = {Como fazer refer{\^e}ncias: bibliogr{\'a}ficas,eletr{\^o}nicas e demais formas de documentos},
	Url = {http://www.bu.ufsc.br/home982.PDF},
	Year = {2014},
	Bdsk-Url-1 = {http://www.bu.ufsc.br/home982.PDF}}

@article{Feynman,
	Address = {New York},
	Author = {Richard P. Feynman},
	Journal = {Physical Review},
	Month = may,
	Number = 1,
	Pages = {749-759},
	Title = {The theory of positrons},
	Volume = 76,
	Year = 1949}

@article{Nogami83,
	Author = {Y. Nogami and Akira Suzuky},
	Journal = progtheophys,
	Month = apr,
	Number = 4,
	Pages = {1184-1194},
	Title = {Divergence Disease of the Pion-Baryon Interaction in Quark-Based Models},
	Volume = 69,
	Year = 1983}

@book{Muta87,
	Address = {Singapore},
	Author = {Taizo Muta},
	Edition = 3,
	Publisher = {World Scientific},
	Subtitle = {An Introduction to Perturbative Methods in Gauge Theories},
	Title = {Foundations of Quantum Chromodynamics},
	Year = 1987}

@book{Abramowitz,
	Address = {Washington},
	Editor = {M. ABRAMOWITZ and I. A. STEGUN},
	Publisher = {National Bureau of Standards},
	Title = {Handbook of mathematical functions},
	Year = 1964}

@internet{Steane97,
	Author = {Andrew Steane},
	Day = 24,
	Internetaddress = {quant-ph/9708022 v2},
	Month = sep,
	Title = {Quantum Computing},
	Year = 1997}

@inbook{Muta87in,
	Address = {Singapore},
	Author = {Taizo Muta},
	Chapter = 2,
	Edition = 3,
	Publisher = {World Scientific},
	Subtitle = {An Introduction to Perturbative Methods in Gauge Theories},
	Title = {Foundations of Quantum Chromodynamics},
	Year = 1987}

@incollection{Jaffe79,
	Address = {New York},
	Author = {R. L. JAFFE},
	Booktitle = {Pointlike structures inside and outside hadrons},
	Editor = {A. Zichichi},
	Pages = {99-146},
	Publisher = {Plenum Press},
	Title = {The bag},
	Year = 1982}

@inproceedings{Inproceedings,
	Address = {Singapore},
	Author = {H. Leutwyler},
	Caddress = {Gramado},
	Cnumber = 4,
	Conference = {Workshop on Hadron Physics},
	Ctitle = {Topics on the Structure and Interaction of Hadronic Systems},
	Cyear = 1994,
	Editor = {Victoria E. Herscovitz and Cesar A. Z. Vasconcellos and Erasmo Ferreira},
	Pages = {1-46},
	Publisher = {World Scientific},
	Title = {Principles of Chiral Perturbation Theory},
	Year = 1995}

@mastersthesis{Master,
	Address = {Porto Alegre},
	Author = {Jo{\~a}o Ningu\'em},
	School = {Universidade Federal do Rio Grande do Sul, Instituto de F\'{\i}sica, Curso de P\'os-Gradua\c{c}\~ao em F\'{\i}sica},
	Title = {Como Passar o Tempo Durante Dois Anos},
	Year = 1995}

@misc{Misc,
	Author = {Jo{\~a}o Ningu\'em},
	School = {Universidade Federal do Rio Grande do Sul, Instituto de F\'{\i}sica},
	Title = {Como Passar o Tempo Durante Dois Anos},
	Year = 1995}

@phdthesis{Phd,
	Address = {Porto Alegre},
	Author = {Ningu{\'e}m~da~Silva, Jo{\~a}o},
	School = {Universidade Federal do Rio Grande do Sul, Instituto de F\'{\i}sica, Curso de P\'os-Gradua\c{c}\~ao em F\'{\i}sica},
	Title = {Como Passar o Tempo Durante Quatro Anos},
	Year = 1999}

@proceedings{Proceedings,
	Address = {Singapore},
	Caddress = {Gramado},
	Cnumber = 4,
	Conference = {Workshop on Hadron Physics},
	Ctitle = {Topics on the Structure and Interaction of Hadronic Systems},
	Cyear = 1994,
	Editor = {Victoria E. Herscovitz and Cesar A. Z. Vasconcellos and Erasmo Ferreira},
	Publisher = {World Scientific},
	Year = 1995}

@techreport{Techreport,
	Author = {Jo{\~a}o Ningu\'em},
	Institution = {Universidade Federal do Rio Grande do Sul, Instituto de F\'{\i}sica},
	Title = {Como Passar o Tempo Durante Dois Anos},
	Year = 1995}

@unpublished{Unpublished,
	Author = {Jo{\~a}o Parad{\~a}o},
	Note = {Universidade Federal de Algum Lugar, Departamento de F\'{\i}sica Est\'atica. O trabalho ainda est\'a no in\'{\i}cio...},
	Title = {O que fiz todo este tempo?},
	Year = 1989}
