@BOOK{Bazanella:GomesdaSilva:2006,
title = {Sistemas de controle: princ{\'i}pios e m{\'e}todos de projeto},
publisher = {UFRGS Editora},
year = {2006},
author = {A. S. Bazanella and J. M. {GOMES DA SILVA JR.}},
address = {Brasil}
}