

@UNPUBLISHED{BlaiseLab1,
  key          = {BlaiseLab1},
  author       = {Eric {\href{http://blaiseb@llnl.gov/}{Blaise}}}, 
  year         = 2016,
  title        = {\href{https://computing.llnl.gov/tutorials/parallel_comp/#Abstract}
                 {Introduction to Parallel Computing}},
  note         = {preprint} }
  
@UNPUBLISHED{BlaiseLab,
  key          = {BlaiseLab},
  author       = {Eric {\href{http://www.math.washington.edu/~babson/}{Babson}} and
                 Patricia {\href{http://www.math.lsa.umich.edu/~plhersh/}{Hersh}}},
  year         = 20016,
  title        = {\href{https://computing.llnl.gov/tutorials/parallel_comp/#Abstract}
                 {Teste Ref Discrete Morse functions from lexicographic orders}},
  note         = {preprint}
}

@MANUAL{abnt-classe-doc,
 author       = {Santini Frasson, Miguel Vin\'{\i}cius},
 organization = {Grupo abnTeX},
 title        = {Classe {ABNT}},
 subtitle     = {confec\c{c}\~ao de trabalhos acad\^emicos em {\LaTeX} segundo as normas {ABNT}},
 year         = {2002},
 url          = {http://abntex.codigolivre.org.br}}

@BOOK{Arm1979,
  key          = {Arm1979},
  author       = {M. A. Armstrong},
  year         = 1979,
  title        = {Basic topology},
  publisher    = {McGraw-Hill},
  address      = {London}
}

@INCOLLECTION{AxeEde1998,
  key          = {AxeEde1998},
  author       = {Ulrich {\href{http://www.eecs.wsu.edu/~axen/}{Axen}} and
                 Herbert {\href{http://www.cs.duke.edu/~edels/}{Edelsbrunner}}},
  editor       = {Hans-Christian Hege and Konrad Polthier},
  year         = 1998,
  title        = {\href{http://www.eecs.wsu.edu/~axen/alpha/vismath.ps}
                 {Auditory Morse analysis of triangulated manifolds}},
  booktitle    = {Mathematical Visualization II},
  pages        = {223--236},
  publisher    = {Springer},
  address      = {Heidelberg}
}


@UNPUBLISHED{BabHer2000,
  key          = {BabHer2000},
  author       = {Eric {\href{http://www.math.washington.edu/~babson/}{Babson}} and
                 Patricia {\href{http://www.math.lsa.umich.edu/~plhersh/}{Hersh}}},
  year         = 2001,
  title        = {\href{http://www.math.lsa.umich.edu/~plhersh/lexmorse.ps}
                 {Teste Discrete Morse functions from lexicographic orders}},
  note         = {preprint}
}


@MISC{BerEpp1999,
  key          = {BerEpp1999},
  author       = {Marshall Wayne {\href{http://www2.parc.com/csl/members/bern/}{Bern}}
                  and David {\href{http://www.ics.uci.edu/~eppstein/}{Eppstein}} and others},
  year         = 1999,
  title        = {\href{http://arxiv.org/pdf/cs/9909001}
                 {Emerging challenges in computational topology}},
  howpublished = {ACM Computing Research Repository},
  eprint       = {cs.CG/9909001}
}


@ARTICLE{Cha2000,
  key          = {Cha2000},
  author       = {Manoj K. {\href{http://www.math.lsu.edu/~chari/}{Chari}}},
  year         = {2000},
  title        = {\href{http://schutzenberger.liafa.jussieu.fr/FPSAC/FPSAC99/ARTICLES/chari.ps.gz}
                 {On discrete Morse functions and combinatorial decompositions}},
  journal      = {Discrete Math},
  volume       = {217},
  pages        = {101--113}
}


@INPROCEEDINGS{DelEde1993,
  key          = {DelEde1993},
  author       = {Cecil Jose A. Delfinado and
                 {Herbert {\href{http://www.cs.duke.edu/~edels/}{Edelsbrunner}}}},
  year         = 1993,
  title        = {\href{http://www.cs.uiuc.edu/Dienst/Repository/2.0/Body/ncstrl.uiuc_cs/UIUCDCS-R-93-1787/postscript}{An Incremental Algorithm for Betti Numbers of Simplicial Complexes}},
  booktitle    = {Proceedings of 9th Annual Symposium on Computer Geometry},
  pages        = {232--239}
}

@INCOLLECTION{DeyEdeGuh1999,
  key          = {DeyEdeGuh1999},
  author       = {Tamal K. {\href{http://www.cis.ohio-state.edu/~tamaldey/}{Dey}} and
                 Herbert {\href{http://www.cs.duke.edu/~edels/}{Edelsbrunner}} and
                 Samanta {\href{http://www.cs.uwm.edu/faculty/guha/}{Guha}}},
  editor       = {B. Chazelle and J.E. Goodman and R. Pollack},
  year         = 1999,
  title        = {\href{http://www.ics.uci.edu/~eppstein/gina/DeyEdelsbrunnerGuha.ps.Z}{Computational topology}},
  booktitle    = {Advances in Discrete and Computational Geometry},
  series       = {Contemporary mathematics},
  volume       = 223,
  pages        = {109--143},
  publisher    = {American Mathematical Society},
  address      = {Providence}
}

@TECHREPORT{Dra1994,
  author        = {Nikos Drakos},
  institution   = {Computer Based Learning Unit, University of Leeds},
  title         = {The {\LaTeX} to {HTML} translator},
  year          = {1994},
  abstract-url  = {http://cbl.leeds.ac.uk/nikos/tex2html/doc/manual/manual.html},
  document-size = {393.0 kbytes},
  url           = {http://cbl.leeds.ac.uk/nikos/tex2html/doc/latex2html.ps},
  month         = {jan},
  type          = {Internal report},
  scope         = {hypertext}
}
