@book{meuatalhoref,
title="Aqui vem o titulo",
author="Nome do Autor",
publisher="Editora aqui",
address="cidade",
year="2017"

}

@article{meuatalhoArticle,
title="Aqui vem o titulo do artigo",
author="Nome do Autor",
journal="Revista A",
year="2017"

}